<?xml version="1.0" encoding="utf-8"?>
<record xmlns="http://www.loc.gov/MARC21/slim" xmlns:xsi="http://www.w3.org/2001/XMLSchema-instance" xsi:schemaLocation="http://www.loc.gov/MARC21/slim http://www.loc.gov/standards/marcxml/schema/MARC21slim.xsd">
	<leader>     nam a22        4500</leader>
	<controlfield tag="001">b17515750</controlfield>
	<controlfield tag="003">LeBAU</controlfield>
	<controlfield tag="006">m        d        </controlfield>
	<controlfield tag="007">cr cn |||m|||a</controlfield>
	<controlfield tag="008">180126s1928    ua      o     ||0 0 ara d</controlfield>
	<datafield ind1=" " ind2=" " tag="040">
		<subfield code="a">NNU</subfield>
		<subfield code="b">ara</subfield>
		<subfield code="e">rda</subfield>
		<subfield code="c">NNU</subfield>
	</datafield>
	<datafield ind1="0" ind2="4" tag="082">
		<subfield code="a">297.2112</subfield>
		<subfield code="2">23</subfield>
	</datafield>
	<datafield ind1="1" ind2=" " tag="100">
		<subfield code="6">880-01</subfield>
		<subfield code="a">Būnī, Aḥmad ibn ʻAlī,</subfield>
		<subfield code="d">-1225,</subfield>
		<subfield code="e">author.</subfield>
	</datafield>
	<datafield ind1="1" ind2="0" tag="245">
		<subfield code="6">880-02</subfield>
		<subfield code="a">Kitāb Shams al-maʻārif al-kubrá wa-laṭāʼif al-ʻawārif /</subfield>
		<subfield code="c">lil-Shaykh Aḥmad ibn ʻAlī al-Būnī quddisa rūḥuh, al-mutawaffī sanat 622 ithnayn wa-‘ishrīn wa-suttumā’ah. Wa-yalīhi Risālat Mīzān al-ʻadl fī maqāṣid aḥkām al-raml ; wa-Risālat Fawātiḥ al-Raghāʼib fī Khuṣūṣīyāt awqāt  al-Kawākib ; Wa-Risālat Zahr al-Murūj fī Dalāʼil al-Burūj ; Wa-Risālat Laṭāʼif al-Ishārah fī Khaṣāʼiṣ al-kawākib al-Sayyārah / ta’līf al-‘allāmah al-fāḍil al-Sayyid ʻAbd al-Qādir al-Ḥusaynī al-Adhamī.</subfield>
	</datafield>
	<datafield ind1="3" ind2="0" tag="246">
		<subfield code="6">880-03</subfield>
		<subfield code="a">Shams al-maʻārif al-kubrá wa-laṭāʼif al-ʻawārif</subfield>
	</datafield>
	<datafield ind1=" " ind2="1" tag="264">
		<subfield code="6">880-04</subfield>
		<subfield code="a">Miṣr :</subfield>
		<subfield code="b">al-Maṭba‘ah al-Ḥusaynīyah al-Miṣrīyah,</subfield>
		<subfield code="c">1347 H. = [1928? M.]</subfield>
	</datafield>
	<datafield ind1=" " ind2=" " tag="300">
		<subfield code="6">880-05</subfield>
		<subfield code="a">online resource (1 volume (131, 110, 110, 123, 38 pages))</subfield>
	</datafield>
	<datafield ind1=" " ind2=" " tag="336">
		<subfield code="a">text</subfield>
		<subfield code="2">rdacontent</subfield>
	</datafield>
	<datafield ind1=" " ind2=" " tag="337">
		<subfield code="a">computer</subfield>
		<subfield code="2">rdamedia</subfield>
	</datafield>
	<datafield ind1=" " ind2=" " tag="338">
		<subfield code="a">online resource</subfield>
		<subfield code="2">rdacarrier</subfield>
	</datafield>
	<datafield ind1=" " ind2=" " tag="500">
		<subfield code="a">&quot;قال والمقصود من هذا الكتاب أن يعلم بذلك شرف أسماء الله تعالى، وما أودع في بحرها من أنواع الجواهر الحكميات وكيف التصريف بالأسماء والدعوات وما تابعها من حروف السور والآيات ليتصل بها الى الحضرة الربانية من غير تعب ويتصل بها الى الرغائب الدنيا بلا نصب انتهى كشف الظنون.&quot;</subfield>
	</datafield>
	<datafield ind1=" " ind2=" " tag="500">
		<subfield code="a">&quot;صححت هذه النسخة على نسخة خط قديمة صحيحة بمعرفة جملة أفاضل إعتنوا بتصحيحها فصارت بحمد الله هي الوحيدة ومن أصح النسخ التي يعتمد عليها&quot;</subfield>
	</datafield>
	<datafield ind1=" " ind2=" " tag="500">
		<subfield code="a">4 أجزاء ببليوغرافية في 1 جزء مادي.</subfield>
	</datafield>
	<datafield ind1=" " ind2=" " tag="500">
		<subfield code="a">Part of the Arabic Collections Online (ACO) project, contributed by American University of Beirut's Jafet Memorial Library.</subfield>
	</datafield>
	<datafield ind1=" " ind2=" " tag="533">
		<subfield code="a">Electronic reproduction.</subfield>
		<subfield code="b">New York, N.Y. :</subfield>
		<subfield code="c">New York University,</subfield>
		<subfield code="d">2018.</subfield>
		<subfield code="5">NNU</subfield>
	</datafield>
	<datafield ind1=" " ind2="4" tag="650">
		<subfield code="a">الله (الإسلام)</subfield>
		<subfield code="x">الأسماء</subfield>
		<subfield code="v">أعمال قديمة حتى 1800.</subfield>
	</datafield>
	<datafield ind1=" " ind2="4" tag="650">
		<subfield code="a">الله (الإسلام)</subfield>
		<subfield code="x">الصفات</subfield>
		<subfield code="v">أعمال قديمة حتى 1800.</subfield>
	</datafield>
	<datafield ind1=" " ind2="4" tag="650">
		<subfield code="a">الأبجدية العربية</subfield>
		<subfield code="x">النواحي الرمزية</subfield>
		<subfield code="v">أعمال قديمة حتى 1800.</subfield>
	</datafield>
	<datafield ind1=" " ind2="4" tag="650">
		<subfield code="a">السحر</subfield>
		<subfield code="x">النواحي الدينية</subfield>
		<subfield code="x">الإسلام.</subfield>
	</datafield>
	<datafield ind1=" " ind2="4" tag="650">
		<subfield code="a">التبصير</subfield>
		<subfield code="x">تاريخ</subfield>
		<subfield code="z">الإمبراطورية الإسلامية</subfield>
		<subfield code="y">القرن الثالث عشر</subfield>
		<subfield code="v">مصادر.</subfield>
	</datafield>
	<datafield ind1=" " ind2="4" tag="650">
		<subfield code="a">الكهانة</subfield>
		<subfield code="x">تاريخ</subfield>
		<subfield code="z">الإمبراطورية الإسلامية</subfield>
		<subfield code="y">القرن الثالث عشر</subfield>
		<subfield code="v">مصادر.</subfield>
	</datafield>
	<datafield ind1=" " ind2="0" tag="650">
		<subfield code="a">God (Islam)</subfield>
		<subfield code="x">Name</subfield>
		<subfield code="v">Early works to 1800.</subfield>
	</datafield>
	<datafield ind1=" " ind2="0" tag="650">
		<subfield code="a">God (Islam)</subfield>
		<subfield code="x">Attributes</subfield>
		<subfield code="v">Early works to 1800.</subfield>
	</datafield>
	<datafield ind1=" " ind2="0" tag="650">
		<subfield code="a">Arabic alphabet</subfield>
		<subfield code="x">Symbolic aspects</subfield>
		<subfield code="v">Early works to 1800.</subfield>
	</datafield>
	<datafield ind1=" " ind2="0" tag="650">
		<subfield code="a">Magic</subfield>
		<subfield code="x">Religious aspects</subfield>
		<subfield code="x">Islam.</subfield>
	</datafield>
	<datafield ind1=" " ind2="0" tag="650">
		<subfield code="a">Fortune-telling</subfield>
		<subfield code="x">History</subfield>
		<subfield code="z">Islamic empire</subfield>
		<subfield code="y">13th century</subfield>
		<subfield code="v">Sources.</subfield>
	</datafield>
	<datafield ind1=" " ind2="0" tag="650">
		<subfield code="a">Divination</subfield>
		<subfield code="x">History</subfield>
		<subfield code="z">Islamic empire</subfield>
		<subfield code="y">13th century</subfield>
		<subfield code="v">Sources.</subfield>
	</datafield>
	<datafield ind1="1" ind2="2" tag="700">
		<subfield code="6">880-06</subfield>
		<subfield code="a">Adʹhamī, ʻAbd al-Qādir,</subfield>
		<subfield code="d">-1907 or 1908.</subfield>
		<subfield code="t">Mīzān al-ʻadl fī maqāṣid aḥkām al-raml.</subfield>
	</datafield>
	<datafield ind1="1" ind2="2" tag="700">
		<subfield code="6">880-07</subfield>
		<subfield code="a">Adʹhamī, ʻAbd al-Qādir,</subfield>
		<subfield code="d">-1907 or 1908.</subfield>
		<subfield code="t">Fawātiḥ al-Raghāʼib fī Khuṣūṣīyāt awqāt  al-Kawākib.</subfield>
	</datafield>
	<datafield ind1="1" ind2="2" tag="700">
		<subfield code="6">880-08</subfield>
		<subfield code="a">Adʹhamī, ʻAbd al-Qādir,</subfield>
		<subfield code="d">-1907 or 1908.</subfield>
		<subfield code="t">Zahr al-Murūj fī Dalāʼil al-Burūj.</subfield>
	</datafield>
	<datafield ind1="1" ind2="2" tag="700">
		<subfield code="6">880-09</subfield>
		<subfield code="a">Adʹhamī, ʻAbd al-Qādir,</subfield>
		<subfield code="d">-1907 or 1908.</subfield>
		<subfield code="t">Laṭāʼif al-Ishārah fī Khaṣāʼiṣ al-kawākib al-Sayyārah</subfield>
	</datafield>
	<datafield ind1="2" ind2=" " tag="710">
		<subfield code="a">Jafet Memorial Library.</subfield>
	</datafield>
	<datafield ind1="0" ind2=" " tag="730">
		<subfield code="a">Arabic Collections Online.</subfield>
	</datafield>
	<datafield ind1="0" ind2="8" tag="776">
		<subfield code="i">Print version:</subfield>
		<subfield code="a">Būnī, Aḥmad ibn ʻAlī, -1225, author.</subfield>
		<subfield code="t">Kitāb Shams al-maʻārif al-kubrá wa-laṭāʼif al-ʻawārif</subfield>
		<subfield code="w">(LeBAU)b17515750</subfield>
	</datafield>
	<datafield ind1="4" ind2="0" tag="856">
		<subfield code="u">http://hdl.handle.net/2333.1/51c5b58r</subfield>
	</datafield>
	<datafield ind1="1" ind2=" " tag="880">
		<subfield code="6">100-01/(3/r</subfield>
		<subfield code="a">البوني، أحمد بن علي،</subfield>
		<subfield code="d">-1225،</subfield>
		<subfield code="e">مؤلف. </subfield>
		<subfield code="4">aut.</subfield>
	</datafield>
	<datafield ind1="1" ind2="0" tag="880">
		<subfield code="6">245-02/(3/r</subfield>
		<subfield code="a">كتاب شمس المعارف الكبرى ولطائف العوارف /</subfield>
		<subfield code="c">للشيخ أحمد بن علي البوني قدس روحه، المتوفي سنة 622 إثنين وعشرين وستمائة. ويليه رسالة ميزان العدل في مقاصد أحكام الرمل ؛ ورسالة فواتح الرغائب في خصوصيات أوقات الكواكب ؛ ورسالة زهر المروج في دلائل البروج ؛ ورسالة لطائف الإشارة في خصائص الكواكب السيارة / تأليف العلامة الفاضل السيد عبد القادر الحسيني الأدهمي.</subfield>
	</datafield>
	<datafield ind1="3" ind2="0" tag="880">
		<subfield code="6">246-03/(3/r</subfield>
		<subfield code="a">شمس المعارف الكبرى ولطائف العوارف</subfield>
	</datafield>
	<datafield ind1=" " ind2="1" tag="880">
		<subfield code="6">264-04/(3/r</subfield>
		<subfield code="a">مصر :</subfield>
		<subfield code="b">المطبعة الحسينية المصرية،</subfield>
		<subfield code="c">1347 هـ.، [1928؟ م.]</subfield>
	</datafield>
	<datafield ind1=" " ind2=" " tag="880">
		<subfield code="6">300-05/(3/r</subfield>
		<subfield code="a">1 جزء (131، 110، 110، 123، 38 صفحة) ؛</subfield>
		<subfield code="c">25 سم</subfield>
	</datafield>
	<datafield ind1="1" ind2="2" tag="880">
		<subfield code="6">700-06/(3/r</subfield>
		<subfield code="a">ادهمي، عبد القادر،</subfield>
		<subfield code="d">-1907 او 1908.</subfield>
		<subfield code="t">ميزان العدل في مقاصد أحكام الرمل.</subfield>
	</datafield>
	<datafield ind1="1" ind2="2" tag="880">
		<subfield code="6">700-07/(3/r</subfield>
		<subfield code="a">ادهمي، عبد القادر،</subfield>
		<subfield code="d">-1907 او 1908.</subfield>
		<subfield code="t">فواتح الرغائب في خصوصيات الكواكب.</subfield>
	</datafield>
	<datafield ind1="1" ind2="2" tag="880">
		<subfield code="6">700-08/(3/r</subfield>
		<subfield code="a">ادهمي، عبد القادر،</subfield>
		<subfield code="d">-1907 او 1908.</subfield>
		<subfield code="t">زهر المروج في دلائل البروج.</subfield>
	</datafield>
	<datafield ind1="1" ind2="2" tag="880">
		<subfield code="6">700-09/(3/r</subfield>
		<subfield code="a">ادهمي، عبد القادر،</subfield>
		<subfield code="d">-1907 او 1908.</subfield>
		<subfield code="t">لطائف الإشارة في خصائص الكواكب السيارة.</subfield>
	</datafield>
	<datafield ind1=" " ind2=" " tag="959">
		<subfield code="a">NNU</subfield>
		<subfield code="b">WEB</subfield>
		<subfield code="c">GENI</subfield>
		<subfield code="t">0</subfield>
		<subfield code="m">Electronic access</subfield>
		<subfield code="s">01</subfield>
	</datafield>
	<datafield ind1=" " ind2=" " tag="999">
		<subfield code="i">LeBAU_b17515750</subfield>
		<subfield code="s">aub_aco001434</subfield>
		<subfield code="e">(ERROR-MISC)</subfield>
	</datafield>
</record>
